<?xml version="1.0" encoding="UTF-8"?><collection xmlns="http://www.loc.gov/MARC21/slim"><record><leader>00577nam--2200157-i-4500</leader><controlfield tag="001">000008306</controlfield><controlfield tag="002">20161230</controlfield><controlfield tag="005">20170112002015</controlfield><controlfield tag="008">060222s1000------------r-----000-0-eng-d</controlfield><datafield ind1=" " ind2=" " tag="080"><subfield code="a">621.039.58</subfield></datafield><datafield ind1=" " ind2=" " tag="245"><subfield code="a">Containment and siting of nuclear power plants proceedings of a symposium on the containment and sitting of nuclear power plants held by the International Atomic Energy Agency in Vienna, 3-7 April, 1967</subfield></datafield><datafield ind1=" " ind2=" " tag="260"><subfield code="a">Vienna</subfield><subfield code="b">International Atomic Energy Agency</subfield><subfield code="c">1967</subfield></datafield><datafield ind1=" " ind2=" " tag="300"><subfield code="a">818 p</subfield></datafield><datafield ind1=" " ind2=" " tag="490"><subfield code="a">Proceedings Series</subfield></datafield><datafield ind1=" " ind2=" " tag="852"><subfield code="a">27831</subfield></datafield><datafield ind1=" " ind2=" " tag="CAT"><subfield code="a">SYS</subfield><subfield code="c">20170112</subfield><subfield code="h">002015</subfield></datafield></record></collection>